@article{article,
author = {Reppas, Andreas and Spiliotis, Konstantinos and Siettos, Constantinos},
year = {2015},
month = {03},
pages = {186-196},
title = {Tuning the average path length of complex networks and its influence to the emergent dynamics of the majority-rule model},
volume = {109},
journal = {Mathematics and Computers in Simulation},
doi = {10.1016/j.matcom.2014.09.005}
}

@inproceedings{ShenOrrChapter9G,
  title={Chapter 9 Graphs and Networks 9 . 1 Examples of Networks in the Real World},
  author={Shai S. Shen-Orr and Shalev Itzkovitz and Nadav Kashtan and Dmitri B. Chklovskii and Uri Alon}
}

@online{ntx,
title = {NetworkX},
url = {https://networkx.github.io/}
}

@book{tc,
title = {Think Complexity},
author = {Allen B. Downey},
url = {http://greenteapress.com/complexity2/html/thinkcomplexity2004.html#chap03-1},
isbn = {9781492040200},
year = {2016},
publisher = {Green Tea Press}
}
